@article{mpc01,
author={Gregor Benz and Andreas Siggelkow},
title={Implementation of a GPS and GSM module into a Zynq Z7 SoC based emulator tracking system},
journaltitle={Workshop der Multiprojekt-Chip-Gruppe Baden-W\"{u}rttemberg},
year={2020},
month={02},
isbn={},
issn={1868-9221},
volume={63},
pages={1 - 4},
%doi={10.1017/s006824541400015x},
}

@book{swarup17,
author={Sandip Ray and Susmita Sur-Kolay and Swarup Bhunia and Prabhat Mishra and Wen Chen and Jayanta Bhadra and Li-C. Wang and Raj Gautam Dutta and Xiaolong Guo and Yier Jin and Debapriya Basu Roy and Debdeep Mukhopadhyay and Jim Plusquellic and Ramesh Karri and Ozgur Sinanoglu and Jeyavijayan Rajendran and Nahid Farhady Galathy and Bilgiday Yuce and Patrick Schaumont and Hassan Salmani and Yi-Chung Chen and Yandan Wang and Wei Zhang and Yiran Chen and Hai (Helen) Li and Venkateswar Kowkutla and Srivaths Ravi}, 
title={Fundamentals of IP and SoC Security}, 
date={2017-02-01}, 
editor={Swarup Bhunia, Sandip Ray, Susmita Sur-Kolay}, %editora, editorb, editorc, translator, annotator, commentator, introduction, foreword, afterword, 
subtitle={Design, Verification, and Debug}, %titleaddon, maintitle, mainsubtitle, maintitleaddon, language, origlanguage, volume, part, 
edition={1}, %volumes, series, number, note, 
publisher={Springer},
location={Cham}, 
isbn={978-3-319-50055-3}, %chapter, pages, pagetotal, addendum, pubstate,
doi={10.1007/978-3-319-50057-7} %eprint, eprintclass, eprinttype, url, urldate
}

@book{swarup,
author={Sandip Ray and Susmita Sur-Kolay and Swarup Bhunia and Prabhat Mishra and Wen Chen and Jayanta Bhadra and Li-C. Wang and Raj Gautam Dutta and Xiaolong Guo and Yier Jin and Debapriya Basu Roy and Debdeep Mukhopadhyay and Jim Plusquellic and Ramesh Karri and Ozgur Sinanoglu and Jeyavijayan Rajendran and Nahid Farhady Galathy and Bilgiday Yuce and Patrick Schaumont and Hassan Salmani and Yi-Chung Chen and Yandan Wang and Wei Zhang and Yiran Chen and Hai (Helen) Li and Venkateswar Kowkutla and Srivaths Ravi}, 
title={Fundamentals of IP and SoC Security}, 
date={2017-02-01}, 
editor={Swarup Bhunia, Sandip Ray, Susmita Sur-Kolay}, %editora, editorb, editorc, translator, annotator, commentator, introduction, foreword, afterword, 
subtitle={Design, Verification, and Debug}, %titleaddon, maintitle, mainsubtitle, maintitleaddon, language, origlanguage, volume, part, 
edition={1}, %volumes, series, number, note, 
publisher={Springer},
location={Cham}, 
isbn={978-3-319-50055-3}, %chapter, pages, pagetotal, addendum, pubstate,
doi={10.1007/978-3-319-50057-7} %eprint, eprintclass, eprinttype, url, urldate
}

@book{mar01,
author={Peter Marwedel},
title={Embedded System Design},
subtitle={Embedded Systems Foundations of Cyber-Physical Systems, and the Internet of Things},
date={2021-01-26},
publisher={Springer},
location={Cham},
edition={4},
isbn={978-3-030-60909-2},
doi={10.1007/978-3-030-60910-8},
issn={2193-0155}
}

@book{guisto,
editor={Daniel Giusto and Antonio Iera and Giacomo Morabito and Luigi Atzori},
title={The Internet of Things},
subtitle={20th Tyrrhenian Workshop on Digital Communications},
date={2010-03-18},
publisher={Springer},
location={New York},
edition={1},
isbn={978-1-4419-1673-0},
doi={10.1007/978-1-4419-1674-7}
}

@book{mar02,
author={Peter Marwedel},
title={Embedded System Design},
%subtitle={Embedded Systems Foundations of Cyber-Physical Systems, and the Internet of Things},
date={2003},
publisher={Kluwer Academic Publishers},
location={San Francisco},
%edition={1},
isbn={978-1-4020-7690-9}
}

@book{jant,
author={Axel Jantsch},
title={Modeling Embedded Systems and SoC's: Concurrency and Time in Models of Computation},
%subtitle={Embedded Systems Foundations of Cyber-Physical Systems, and the Internet of Things},
date={2004},
publisher={Morgan Kaufmann},
edition={1},
isbn={978-1-55860-925-9},
doi={10.1016/B978-1-55860-925-9.X5000-8}
}

@book{black01,
author={David C. Black and Jack Donovan and Bill Bunton and Anna Keist},
title={Systemc: From the Ground Up},
publisher={Springer},
edition={2},
date={2009-12-30},
isbn={978-0-387-69957-8},
doi={10.1007/978-0-387-69958-5}
}

@book{menge2005,
  title={Moderne Prozessorarchitekturen: Prinzipien und ihre Realisierungen},
  author={Matthias Menge},
  isbn={9783540274711},
  url={https://books.google.de/books?id=obgjBAAAQBAJ},
  year={2005},
  publisher={Springer Berlin Heidelberg},
isbn={978-3-540-24390-8},
doi={10.1007/b139114}
}

@book{patterson2018,
author = {Patterson, David A. and Hennessy, John L.},
address = {Cambridge, Massachusetts},
booktitle = {Computer organization and design : the hardware/software interface},
edition = {RISC-V edition.},
isbn = {9780128122754},
keywords = {Computer organization},
language = {eng},
lccn = {2017935333},
publisher = {Morgan Kaufmann Publishers, an imprint of Elsevier},
title = {Computer organization and design : the hardware/software interface },
year = {2018},
}

@book{patterson2017,
  title={Computer Organization and Design ARM Edition: The Hardware Software Interface},
  author={Patterson, David A. and Hennessy, John L.},
  isbn={9780128017333},
  lccn={2015960566},
  series={The Morgan Kaufmann Series in Computer Architecture and Design},
  url={https://books.google.de/books?id=jxHajgEACAAJ},
  year={2016},
  publisher={Elsevier Science}
}

@book{hennessy2019, 
author = {Hennessy, John L. and Patterson, David A.}, 
title = {Computer Architecture, Sixth Edition: A Quantitative Approach}, 
year = {2017},
isbn = {0128119055}, 
publisher = {Morgan Kaufmann Publishers Inc.}, 
address = {San Francisco, CA, USA}, 
edition = {6th}, 
abstract = {Computer Architecture: A Quantitative Approach, Sixth Edition has been considered essential reading by instructors, students and practitioners of computer design for over 20 years. The sixth edition of this classic textbook is fully revised with the latest developments in processor and system architecture. It now features examples from the RISC-V (RISC Five) instruction set architecture, a modern RISC instruction set developed and designed to be a free and openly adoptable standard. It also includes a new chapter on domain-specific architectures and an updated chapter on warehouse-scale computing that features the first public information on Google's newest WSC. True to its original mission of demystifying computer architecture, this edition continues the longstanding tradition of focusing on areas where the most exciting computing innovation is happening, while always keeping an emphasis on good engineering design. Includes a new chapter on domain-specific architectures, explaining how they are the only path forward for improved performance and energy efficiency given the end of Moores Law and Dennard scaling Features the first publication of several DSAs from industry Features extensive updates to the chapter on warehouse-scale computing, with the first public information on the newest Google WSC Offers updates to other chapters including new material dealing with the use of stacked DRAM; data on the performance of new NVIDIA Pascal GPU vs. new AVX-512 Intel Skylake CPU; and extensive additions to content covering multicore architecture and organization Includes "Putting It All Together" sections near the end of every chapter, providing real-world technology examples that demonstrate the principles covered in each chapter Includes review appendices in the printed text and additional reference appendices available online Includes updated and improved case studies and exercises} 
}

@book{harris2022,
  title={Digital Design and Computer Architecture, RISC-V Edition},
  author={Harris, S. and Harris, D.},
  isbn={9780128200650},
  url={https://books.google.de/books?id=SksiEAAAQBAJ},
  year={2021},
  publisher={Elsevier Science}
}

@book{wuest01,
  title={Mikroprozessortechnik: Grundlagen, Architekturen, Schaltungstechnik und Betrieb von Mikroprozessoren und Mikrocontrollern},
  author={W{\"u}st, K.},
  isbn={9783834898814},
  url={https://books.google.de/books?id=sTkgBAAAQBAJ},
  year={2010},
  publisher={Vieweg+Teubner Verlag}
}

@book{parhami01,
author={B. Parhami},
title={Computer Architecture: From Microprocessors to Supercomputers},
year={2005},
publisher={Oxford Univ. Press, New York},
isbn={978-0195154559}
}

@book{wern,
author={Werner, M.},
title={Digitale Signalverarbeitung mit MATLAB},
publisher={Vieweg},
location={Braunschweig},
year={2003}
}

@book{lehm,
author={Lehmann, Gunther and Wunder, Bernhard and Selz, Manfred},
title={Schaltungsdesign mit VHDL},
subtitle={Synthese, Simulation und Dokumentation digitaler Schaltungen},
url={https://www.itiv.kit.edu/downloads/Buch_gesamt.pdf},
publisher={Franzis},
location={Poing},
year={1994},
isbn={978-3772361630}
}

@book{reichardt,
author={J. Reichardt},
title={Lehrbuch Digitaltechnik},
subtitle={Eine Einf\"{u}hrung mit VHDL},
publisher={Oldenbourg Verlag},
year={2011},
isbn={978-3-486-70680-2}
}

@book{volnei,
author={Volnei A. Pedroni},
title={Digital Electronics and Design with VHDL},
publisher={Morgan Kaufmann Publishers},
year={2008},
isbn={978-0-12-374270-4}
}

@book{ashenden,
author={Peter Ashenden},
title={Designers Guide to VHDL},
publisher={Morgan Kaufmann Publishers},
year={2008},
isbn={978-0-12-088785-9},
doi={10.1016/B978-0-12-088785-9.X0001-9}
}


@book{fricke,
author={Klaus Fricke},
title={Digitaltechnik, Lehr- und \"{U}bungsbuch f\"{u}r Elektrotechnik und Informatiker},
publisher={Viehweg + Teubner},
edition = {6}, 
year={2009},
isbn={978-3-8348-9370-3},
doi={10.1007/978-3-8348-9370-3}
}

@book{biere,
author={Armin Biere and Daniel Kr√∂ning and Georg Weissenbacher and Christoph M. Wintersteiger},
title={Digitaltechnik - Eine praxisnahe Einf\"{u}hrung},
publisher={Springer},
edition = {1}, 
year={2008},
isbn={9783540777298},
doi={10.1007/978-3-540-77729-8}
}


@article{kao08,
author={Chung-Fu Kao and Hsin-Ming Chen and Ing-Jer Huang}, 
title={Hardware-Software Approaches to In-Circuit Emulation for Embedded Processors}, 
journaltitle={IEEE Design \& Test of Computers}, 
date={2008-10-10},
%Wahlfelder: translator, annotator, commentator, subtitle, titleaddon, editor, editora, editorb, editorc, journalsubtitle, issuetitle, issuesubtitle, language, origlanguage, series, 
volume={25}, %number, eid, 
issue={5}, %month, 
pages={462 - 477}, %version, note, 
issn={1558-1918}, %addendum, pubstate, 
doi={ 10.1109/MDT.2008.142}%, eprint, eprintclass, eprinttype, url, urldate
}

@article{kao,
author={Chung-Fu Kao and Hsin-Ming Chen and Ing-Jer Huang}, 
title={Hardware-Software Approaches to In-Circuit Emulation for Embedded Processors}, 
journaltitle={IEEE Design \& Test of Computers}, 
date={2008-10-10},
%Wahlfelder: translator, annotator, commentator, subtitle, titleaddon, editor, editora, editorb, editorc, journalsubtitle, issuetitle, issuesubtitle, language, origlanguage, series, 
volume={25}, %number, eid, 
issue={5}, %month, 
pages={462 - 477}, %version, note, 
issn={1558-1918}, %addendum, pubstate, 
doi={ 10.1109/MDT.2008.142}%, eprint, eprintclass, eprinttype, url, url date
}

@article{faruque01,
author={A. Lopez and K. Vatanparvar and A. Prasad and S. Yang and S. Bhunia and M. A. Al Faruque},
title={A Security Perspective on the Battery Systems of the Internet of Things},
journaltitle={Springer Journal of Hardware and Systems Security (Springer HASS 17)},
volume={1},
pages={188 - 199},
date={2017-05-10},
doi={10.1007/s41635-017-0007-0}
}

@report{jtag13,
  author={},
  title={{IEEE} Standard for Test Access Port and Boundary-Scan Architecture}, 
  type={Standard},
  institution={IEEE Std 1149.1-2013 (Revision of IEEE Std 1149.1-2001)},
  year={2013},
  volume={},
  number={},
  pages={1-444},
  doi={10.1109/IEEESTD.2013.6515989}
}

@report{lee01,
author={Lee, Edward A.},
title={Computing Foundations and Practice for Cyber-Physical Systems: A Preliminary Report}, 
type={Tech. Rep.},
institution={EECS Department, University of California, Berkeley},
year={2007},
month={5},
number={UCB/EECS-2007-72},
url = {http://www.eecs.berkeley.edu/Pubs/TechRpts/2007/EECS-2007-72.html},
note               = "Accessed: 2017-08-08"
}

@report{ambaaxi01,
%author={Lee, Edward A.},
title={{AMBA AXI} and {ACE P}rotocol {S}pecification ({ARM IHI 0022D})}, 
type={Specification},
institution={ARM},
year={2011}
}

@report{ambaaxi02,
%author={Lee, Edward A.},
title={{AMBA 4 AXI4-S}tream {P}rotocol ({ARM IHI 0051A})}, 
type={Specification},
institution={ARM},
year={2010}
}

@report{isaarm01,
title={{ARM Architecture Reference Manual for A-profile Architecture (ARM DDI 0487I.a (ID081822))}}, 
type={Specification},
institution={ARM},
year={2012},
url = {https://developer.arm.com/documentation/ddi0487/latest/}
}

@report{graf01,
  author={Alexander de Graaf},
  title={{S}ystem{C}: an overview}, 
  type={Study Script},
  institution={EEMCS/ME/CAS, TU Delft},
  year={2016},
  %volume={},
  %number={},
  %pages={1-444},
  %doi={10.1109/IEEESTD.2013.6515989}
}

@report{siem01,
author={Christian Siemers},
title={{E}mbedded {S}ystems {E}ngineering 1}, 
type={Study Script},
institution={TU Clausthal},
url = {https://www.ifi.tu-clausthal.de/fileadmin/IFI/Abteilungen/Energieinformationsnetze_und_Systeme/Embedded_Systems_Engineering_1_Skript_V2_Rel._0.81.pdf},
note= "Accessed: 2024-02-21",
year={2014},
}

@report{advan01,
%author={Christian Siemers},
title={{GUI} {R}eference {M}anual, {M}anual {N}umber 8703253-18},
edition={1},
%pages={7-3, 55-74},
type={Manual},
institution={ADVANTEST},
%url = {https://www.ifi.tu-clausthal.de/fileadmin/IFI/Abteilungen/Energieinformationsnetze_und_Systeme/Embedded_Systems_Engineering_1_Skript_V2_Rel._0.81.pdf},
note= "Date: 2014-11-12",
year={2014},
}

@INPROCEEDINGS{syed,
  author={Adnan, Syed Farid Syed and Isa, Mohd Anuar Mat and Rahman, Khairul Syazwan Ali and Muhamad, Mohd Hanif and Hashim, Habibah},
  booktitle={2015 IEEE Symposium on Computer Applications And Industrial Electronics (ISCAIE)}, 
  title={Simulation of {RSA} and {E}l{G}amal encryption schemes using {RF} simulator}, 
  year={2015},
  volume={},
  number={},
  pages={124-128},
  keywords={Protocols;Radio frequency;Encryption;Error analysis;Wireless sensor networks;Simulator;Simulation;Radio Frequency;Cryptography;RF;TFTP;Stop and Wait ARQ;Trivial File Transfer Protocol;RSA;ElGamal;Raspberry Pi;Wi-Fi;Trust;Privacy;UBOOT;IOT;Lightweight;Asymmetric},
  doi={10.1109/ISCAIE.2015.7298340}}
  
@INPROCEEDINGS{faruque02,
  author={Chhetri, Sujit Rokka and Rashid, Nafiul and Faezi, Sina and Al Faruque, Mohammad Abdullah},
  booktitle={2017 IEEE/ACM International Conference on Computer-Aided Design (ICCAD)}, 
  title={Security trends and advances in manufacturing systems in the era of industry 4.0}, 
  year={2017},
  volume={},
  number={},
  pages={1039-1046},
  keywords={Industries;Security;Manufacturing systems;Robots;Automation;Intelligent sensors},
  doi={10.1109/ICCAD.2017.8203896}}
  
@inproceedings{heise02x,
author={Animesh Chhotaray and Adib Nahiyan and Thomas Shrimpton and Domenic J Forte and Mark Tehranipoor},
booktitle={CCS '17: Proceedings of the 2017 ACM SIGSAC Conference on Computer and Communications Security}, 
title={Standardizing Bad Cryptographic Practice: A Teardown of the {IEEE} {S}tandard for {P}rotecting {E}lectronic-design {I}ntellectual {P}roperty}, 
year={2017},
volume={},
number={},
pages={1533‚Äì1546},
keywords={},
doi={10.1145/3133956.3134040}
}

@inproceedings{heise02, author = {Chhotaray, Animesh and Nahiyan, Adib and Shrimpton, Thomas and Forte, Domenic and Tehranipoor, Mark}, title = {Standardizing Bad Cryptographic Practice: A Teardown of the IEEE Standard for Protecting Electronic-design Intellectual Property}, year = {2017}, isbn = {9781450349468}, publisher = {Association for Computing Machinery}, address = {New York, NY, USA}, url = {https://doi.org/10.1145/3133956.3134040}, doi = {10.1145/3133956.3134040}, abstract = {We provide an analysis of IEEE standard P1735, which describes methods for encrypting electronic-design intellectual property (IP), as well as the management of access rights for such IP. We find a surprising number of cryptographic mistakes in the standard. In the most egregious cases, these mistakes enable attack vectors that allow us to recover the entire underlying plaintext IP. Some of these attack vectors are well-known, e.g. padding-oracle attacks. Others are new, and are made possible by the need to support the typical uses of the underlying IP; in particular, the need for commercial system-on-chip (SoC) tools to synthesize multiple pieces of IP into a fully specified chip design and to provide syntax errors. We exploit these mistakes in a variety of ways, leveraging a commercial SoC tool as a black-box oracle.In addition to being able to recover entire plaintext IP, we show how to produce standard-compliant ciphertexts of IP that have been modified to include targeted hardware Trojans. For example, IP that correctly implements the AES block cipher on all but one (arbitrary) plaintext that induces the block cipher to return the secret key. We outline a number of other attacks that the standard allows, including on the cryptographic mechanism for IP licensing. Unfortunately, we show that obvious "quick fixes" to the standard (and the tools that support it) do not stop all of our attacks. This suggests that the standard requires a significant overhaul, and that IP-authors using P1735 encryption should consider themselves at risk.}, booktitle = {Proceedings of the 2017 ACM SIGSAC Conference on Computer and Communications Security}, pages = {1533‚Äì1546}, numpages = {14}, keywords = {syntax oracle attack, padding oracle attack, p1735, ip piracy, ip encryption, hardware trojan}, location = {Dallas, Texas, USA}, series = {CCS '17}
}



@misc{tuef,
title                  = "What's the difference between safety and security?",
author             = "Matthias Springer",
howpublished = "\url{https://www.tuev-nord.de/explore/en/explains/whats-the-difference-between-safety-and-security/}",
year               = 2017,
note               = "Accessed: 2017-08-08"
}

@misc{ver,
title                  = "Verification and validation",
author             = "Wikipedia",
howpublished = "\url{https://en.wikipedia.org/wiki/Verification_and_validation}",
year               = 2020,
note               = "Accessed: 2020-05-07"
}

@misc{req,
title                  = "Anforderungsanalyse (Informatik)",
author             = "Wikipedia",
howpublished = "\url{https://de.wikipedia.org/wiki/Anforderungsanalyse_(Informatik)}",
year               = 2013,
note               = "Accessed: 2017-09-13"
}

@misc{trapwiki,
title                  = "Trap (computing)",
author             = "Wikipedia",
howpublished = "\url{https://en.wikipedia.org/wiki/Trap_(computing)}",
year               = 2020,
note               = "Accessed: 2020-07-07"
}

@misc{axi01,
title                  = "Advanced eXtensible Interface",
author             = "Wikipedia",
howpublished = "\url{https://en.wikipedia.org/wiki/Advanced_eXtensible_Interface}",
year               = 2021,
note               = "Accessed: 2021-01-11"
}

@misc{heise01,
title                  = "Forscher demontieren ``kaputten'' {K}rypto-{S}tandard {P}1735 der {IEEE}",
author             = "Fabian A. Scherschel",
institution={Heise},
howpublished = "\url{https://www.heise.de/security/meldung/Forscher-demontieren-kaputten-Krypto-Standard-P1735-der-IEEE-3883590.html}",
year               = 2017,
note               = "Accessed: 2017-11-08"
}

@misc{krau01,
title                  = "Cyber-Physical Systems: Sicherheit im Internet der Dinge",
author             = "Christoph Krau√ü",
institution={Frauenhofer},
howpublished = "\url{https://www.sit.fraunhofer.de/de/cyberphysicalsystems/}",
year               = 2019,
note               = "Accessed: 2019-04-02"
}

@misc{wuerzbio01,
title                  = "Bachelor-Thesis und Protokolle in Biologie an der Uni W√ºrzburg",
%author             = "Christoph Krau√ü",
institution={Uni W√ºrzburg},
howpublished = "\url{https://www.biologie.uni-wuerzburg.de/fileadmin/biostudium/2022/Bachelorthesis_Vorgaben_Tipps_Nov2021.pdf}",
year               = {2021},
note               = "Accessed: 2021-11-02"
}

@misc{riscvisa01,
title={{RISC-V Guide}},
howpublished={\url{https://marks.page/riscv/}},
year={2024},
note={Accessed: 2024-02-23}
}

@misc{riscvisa02,
title={{Five EmbedDev}},
howpublished={\url{https://five-embeddev.com/riscv-isa-manual/latest/instr-table.html}},
year={2024},
note={Accessed: 2024-02-23}
}

@misc{riscvisa03,
title={{The RISC-V Instruction Set Manual, Volume I: User-Level ISA, Document Version 2.2}},
howpublished={\url{https://riscv.org/wp-content/uploads/2017/05/riscv-spec-v2.2.pdf}},
year={2017},
note={Accessed: 2024-02-23}
}

@misc{abstract01,
title={{Detailed Abstract Style Guide}},
institution={Uni W√ºrzburg},
howpublished={\url{https://nssmic.ieee.org/2019/wp-content/uploads/sites/2/2019/02/Abstract_Style_Guide.pdf}},
year={2019},
note={Accessed: 2023-05-09}
}

@misc{algeb01,
title={{Algebra}},
institution={Wikipedia},
howpublished={\url{https://en.wikipedia.org/wiki/Algebra}},
year={2019},
note={Accessed: 2019-03-21}
}

@misc{algeb02,
title={Boolean {A}lgebra},
institution={Wikipedia},
howpublished={\url{https://en.wikipedia.org/wiki/Boolean_algebra}},
year={2019},
note={Accessed: 2019-03-21}
}

@misc{gf02,
title={{Gf(2)}},
institution={Wikipedia},
howpublished={\url{https://en.wikipedia.org/wiki/GF(2)}},
year={2019},
note={Accessed: 2019-03-21}
}

@misc{mayanumerals,
author={Michiel Berger},
title={The {M}ayan {N}umerals},
%institution={Wikipedia},
howpublished={\url{https://web.archive.org/web/20060714025120/http://www.saxakali.com/historymam2.htm}},
year={2019},
note={Accessed: 2019-03-21}
}

@misc{leifi01,
%author={Michiel Berger},
title={Silizium-{K}ristall},
institution={LEIFIphysik},
howpublished={\url{https://www.leifiphysik.de/elektronik/einfuehrung-die-elektronik/ausblick/silizium-kristall}},
year={2012},
note={Accessed: 2012-09-16}
}

@misc{Inn17,
%author={Michiel Berger},
title={Digital technology and semiconductor circuit design},
institution={Universitaet Innsbruck},
howpublished={\url{https://www.uibk.ac.at/mechatronik/mikroelektronik/lehre/webapps/zahlensysteme.html.en}},
year={2019},
note={Accessed: 2019-04-05}
}

@misc{arith01,
title={Arithmetic},
institution={Wikipedia},
howpublished={\url{https://en.wikipedia.org/wiki/Arithmetic}},
year={2019},
note={Accessed: 2019-03-21}
}

@misc{race,
title={Race condition},
institution={Wikipedia},
howpublished={\url{https://en.wikipedia.org/wiki/Race_condition}},
year={2019},
note={Accessed: 2019-05-05}
}

@misc{wiki01,
title={VHDL},
institution={Wikibooks},
howpublished={\url{https://upload.wikimedia.org/wikibooks/de/c/ca/VHDL.pdf}},
%year={2019},
note={Accessed: 2024-02-27}
}

