@manual{riscv-spec,
  title        = {The RISC-V Instruction Set Manual, Volume I: Unprivileged ISA},
  author       = {Andrew Waterman and Krste Asanović},
  organization = {RISC-V International},
  year         = {2021},
  note         = {Version 2.2},
  url          = {https://riscv.org/technical/specifications/}
}

@manual{gcc,
  title  = {GNU Compiler Collection (GCC) Documentation},
  author = {Free Software Foundation},
  year   = {2024},
  url    = {https://gcc.gnu.org/onlinedocs/}
}

@manual{binutils,
  title  = {GNU Binutils Manual},
  author = {Free Software Foundation},
  year   = {2023},
  url    = {https://sourceware.org/binutils/docs/}
}

@manual{sifive-toolchain,
  title  = {SiFive RISC-V GNU Embedded Toolchain User Guide},
  author = {SiFive Inc.},
  year   = {2022},
  url    = {https://sifive.com/software}
}

@misc{siggelkow-rwu-rv64i,
  author       = {Siggelkow, Andreas},
  title        = {RWU-RV64I Processor Repository},
  year         = {2024},
  howpublished = {\url{https://github.com/asiggel/rwu-rv64i}},
  note         = {Accessed October 2025}
}

@manual{patterson2017riscv,
  title        = {The RISC-V Reader: An Open Architecture Atlas},
  author       = {David Patterson and Andrew Waterman},
  publisher    = {Strawberry Canyon LLC},
  year         = {2017}
}

@manual{zybo-datasheet,
  title        = {Zybo Z7: Zynq-7000 ARM/FPGA SoC Development Board Reference Manual},
  author       = {Digilent Inc.},
  year         = {2022},
  url          = {https://digilent.com/reference/programmable-logic/zybo-z7/reference-manual}
}

@manual{eclipse-cdt,
  title        = {Eclipse IDE for C/C++ Developers – User Guide},
  organization = {Eclipse Foundation},
  year         = {2023},
  note         = {Version 2023-09 (CDT Classic Interface)},
  url          = {https://help.eclipse.org/latest/topic/org.eclipse.cdt.doc.user}
}

@manual{riscv-gnu-toolchain,
  title        = {RISC-V GNU Toolchain Documentation},
  organization = {RISC-V International Collaborative Projects},
  year         = {2024},
  url          = {https://github.com/riscv-collab/riscv-gnu-toolchain}
}

@manual{xilinx-vivado,
  title        = {Vivado Design Suite User Guide – Synthesis, Simulation and Implementation},
  organization = {Xilinx Inc.},
  year         = {2024},
  note         = {UG901, UG937}
}

@manual{digilent-zybo,
  title        = {Zybo Zynq-7000 Board Reference Manual},
  organization = {Digilent Inc.},
  year         = {2023},
  url          = {https://digilent.com}
}

@online{harvard_architecture,
  title        = {Harvard Architecture},
  author       = {{ScienceDirect Topics}},
  year         = {2024},
  url          = {https://www.sciencedirect.com/topics/engineering/harvard-architecture},
  note         = {Accessed: September 22, 2025}
}
